% Książki drukowane - są już prawidłowo zdefiniowane, tylko zaktualizowany format
@book{gontar2019,
  author    = {Gontar, B.},
  title     = {Zarządzanie danymi w organizacji},
  edition   = {Wyd. 3},
  location  = {Łódź},
  publisher = {Wydawnictwo Uniwersytetu Łódzkiego},
  date      = {2019},
  isbn      = {9788381426305}
}

@book{brzezinski2002,
  author    = {Brzeziński, M.},
  title     = {Organizacja i sterowanie produkcją. Projektowanie systemów produkcyjnych i procesów sterowania produkcją},
  location  = {Warszawa}, 
  publisher = {Agencja Wydawnicza Placet},
  date      = {2002},
  isbn      = {83-85428-77-1}
}

@book{elmasrinavathe2016,
  author    = {Elmasri, R. and Navathe, S.},
  title     = {Fundamentals of Database Systems},
  edition   = {7th ed.},
  location  = {Boston}, 
  publisher = {Pearson},
  date      = {2016},
  isbn      = {978-0-13-397077-7}
}

@book{lovatt2021,
  author    = {Lovatt, M.},
  title     = {Solution Architecture Foundations},
  location  = {Londyn}, 
  publisher = {BCS Learning \& Development Limited},
  date      = {2021},
  isbn      = {9781780175652}
}

% Artykuły w czasopismach - poprawiony format
@article{szmitka2015,
  author    = {Szmitka, S.},
  title     = {Analiza SWOT jako narzędzie oceny innowacyjności przedsięwzięcia biznesowego},
  journal   = {Warmińsko-Mazurski Kwartalnik Naukowy. Nauki Społeczne},
  number    = {4},
  pages     = {79-97},
  location  = {Olsztyn},
  publisher = {{Wyższa Szkoła Informatyki i Ekonomii TWP}},
  date      = {2015}
}

@article{bodicherla2025,
  author = {Bodicherla, Balaji},
  title = {The Rise of {Low-Code}/{No-Code} Development: Democratizing Application Development},
  journal = {International Journal of Scientific Research in Computer Science Engineering and Information Technology},
  volume = {11},
  number = {2},
  pages = {171-178},
  location  = {Rajkot},
  publisher = {{Fast Track Publications}},
  date = {2025},
}

% Rozdziały w książkach
@incollection{paczek2018,
  author    = {Pączek, E. and Wyrozębski, P.},
  title     = {Typologia projektów zarządzanych przez uczelnie wyższe w Polsce},
  booktitle = {Determinanty i modele procesów gospodarczych},
  editor    = {Poniatowski, G.},
  publisher = {Oficyna Wydawnicza SGH},
  location  = {Warszawa},
  date      = {2018}
}

% Dokumenty uczelni i instytucji (drukowane)
@misc{RegulaminININ2015,
  author       = {{Senat Politechniki Warszawskiej}},
  title        = {Regulamin organizacyjny Centrum Zarządzania Innowacjami i Transferem Technologii Politechniki Warszawskiej},
  location     = {Warszawa},
  publisher    = {Politechnika Warszawska},
  date         = {2015}
}

@misc{ZarządzenieCINN2023,
  author       = {{Rektor Politechniki Warszawskiej}},
  title        = {Zarządzenie nr 10/2023 Rektora Politechniki Warszawskiej z dnia 8 marca 2023 r. w sprawie zmian w strukturze organizacyjnej PW oraz zmian do Regulaminu organizacyjnego Politechniki Warszawskiej (WEITI, CZIITT, IDUB, CINN, CPR, DAS)},
  location     = {Warszawa},
  publisher    = {Politechnika Warszawska},
  date         = {2023}
}

@misc{PW2030,
  title        = {Strategia rozwoju Politechniki Warszawskiej do roku 2030},
  author       = {{Politechnika Warszawska}},
  location     = {Warszawa},
  publisher    = {Politechnika Warszawska},
  date         = {2021},
  note         = {Dokument przyjęty w 2021 roku, wyznaczający kierunki działania uczelni na lata 2021-2030}
}

% Artykuły i materiały online - poprawione zgodnie z wymogami BG PW
@online{gupta2023,
  author       = {Gupta, V.},
  title        = {Solution Architecture 101: For Budding Architects},
  date         = {2023},
  url          = {https://vipul-kumar-gupta.medium.com/solution-architecture-101-for-budding-architects-8fedbc9a0b3d},
  urldate      = {2025-02-14},
  keywords     = {online}
}

@online{kastwal2023,
  author       = {Kastwal, S.},
  title        = {Microsoft Entra ID: Everything You Need To Know},
  organization = {K21 Academy},
  date         = {2023},
  url          = {https://k21academy.com/microsoft-azure/admin/azure-active-directory-azure-ad/},
  urldate      = {2025-02-27},
  keywords     = {online}
}

@online{NBP2025,
  title        = {Projekcja inflacji i {PKB} -- marzec 2025},
  author       = {{Narodowy Bank Polski}},
  organization = {Narodowy Bank Polski},
  location     = {Warszawa},
  date         = {2025-03-14},
  url          = {https://www.nbp.pl/polityka-pieniezna/projekcja-inflacji-i-wzrostu-gospodarczego-nbp},
  urldate      = {2025-04-18},
  keywords     = {online}
}

@online{NBP2023stopy,
  author       = {{Narodowy Bank Polski}},
  title        = {Podstawowe stopy procentowe NBP},
  date         = {2023},
  url          = {https://www.nbp.pl/home.aspx?f=/dzienne/stopy.htm},
  urldate      = {2025-04-18},
  note         = {Stopy obowiązujące od 2023-10-05},
  keywords     = {online}
}

@online{statutPW,
  title        = {Statut Politechniki Warszawskiej},
  author       = {{Politechnika Warszawska}},
  organization = {Politechnika Warszawska},
  location     = {Warszawa},
  date         = {2021},
  url          = {https://www.pw.edu.pl/sites/default/files/PW-uploads/docs/StatutPolitechnikiWarszawskiej.pdf},
  urldate      = {2025-04-19},
  note         = {Uchwalony przez Senat PW uchwałą nr 131/L/2021 z dnia 22 września 2021 r.},
  keywords     = {online}
}

% Dokumentacja techniczna online - Microsoft - poprawione zgodnie z wymogami BG PW
@online{Microsoft365Groups2025,
  title        = {Omówienie Grupy {Microsoft} 365 dla administratorów},
  author       = {{Microsoft Learn}},
  organization = {Microsoft},
  date         = {2025-03-14},
  url          = {https://learn.microsoft.com/pl-pl/microsoft-365/admin/create-groups/office-365-groups},
  urldate      = {2025-04-19},
  note         = {Data publikacji: 14.03.2025},
  keywords     = {online}
}

@online{microsoft_forms_privacy_2024,
  title        = {Prywatność i zabezpieczenia w programie {Microsoft Forms}},
  author       = {{Microsoft}},
  organization = {Microsoft},
  date         = {2024},
  url          = {https://support.microsoft.com/pl-pl/office/prywatno%C5%9B%C4%87-i-zabezpieczenia-w-programie-microsoft-forms-7e57f9ba-4aeb-4b1b-9e21-b75318532cd9},
  urldate      = {2025-04-19},
  keywords     = {online}
}

@online{microsoft_encryption_2024,
  title        = {Encryption},
  author       = {{Microsoft Learn}},
  organization = {Microsoft},
  date         = {2024-12-06},
  url          = {https://learn.microsoft.com/pl-pl/microsoft-365/compliance/encryption},
  urldate      = {2025-04-19},
  note         = {Ostatnia aktualizacja: 06.12.2024},
  keywords     = {online}
}

@online{microsoft_power_automate_2025,
  title        = {Tworzenie przepływu w chmurze w aplikacji {Power Automate}},
  author       = {{Microsoft Learn}},
  organization = {Microsoft},
  date         = {2025-04-01},
  url          = {https://learn.microsoft.com/pl-pl/power-automate/get-started-flow},
  urldate      = {2025-04-21},
  note         = {Ostatnia aktualizacja: 01.04.2025},
  keywords     = {online}
}

@online{microsoft_power_query_2025,
  title        = {What is {Power Query}?},
  author       = {{Microsoft Learn}},
  organization = {Microsoft},
  date         = {2025-01-27},
  url          = {https://learn.microsoft.com/en-us/power-query/power-query-what-is-power-query},
  urldate      = {2025-04-21},
  note         = {Ostatnia aktualizacja: 27.01.2025},
  keywords     = {online}
}

@online{microsoft_excel_specs_2025,
  title        = {Excel specifications and limits},
  author       = {{Microsoft}},
  organization = {Microsoft},
  date         = {2025},
  url          = {https://support.microsoft.com/en-us/office/excel-specifications-and-limits-1672b34d-7043-467e-8e27-269d656771c3},
  urldate      = {2025-04-21},
  keywords     = {online}
}

@online{microsoft_excel_blocking_2025,
  title        = {Blokowanie i odblokowywanie określonych obszarów chronionego arkusza},
  author       = {{Microsoft}},
  organization = {Microsoft},
  date         = {2025},
  url          = {https://support.microsoft.com/pl-pl/office/blokowanie-i-odblokowywanie-okre%C5%9Blonych-obszar%C3%B3w-chronionego-arkusza-75481b72-db8a-4267-8c43-042a5f2cd93a},
  urldate      = {2025-04-21},
  keywords     = {online}
}

@online{microsoft_excel_validation_2025,
  title        = {Stosowanie sprawdzania poprawności danych do komórek},
  author       = {{Microsoft}},
  organization = {Microsoft},
  date         = {2025},
  url          = {https://support.microsoft.com/pl-pl/office/stosowanie-sprawdzania-poprawno%C5%9Bci-danych-do-kom%C3%B3rek-29fecbcc-d1b9-42c1-9d76-eff3ce5f7249},
  urldate      = {2025-04-21},
  keywords     = {online}
}

@online{microsoft_office_versions_2025,
  title        = {Wyświetlanie poprzednich wersji plików pakietu {Office}},
  author       = {{Microsoft}},
  organization = {Microsoft},
  date         = {2025},
  url          = {https://support.microsoft.com/pl-pl/office/wy%C5%9Bwietlanie-poprzednich-wersji-plik%C3%B3w-pakietu-office-5c1e076f-a9c9-41b8-8ace-f77b9642e2c2},
  urldate      = {2025-04-21},
  keywords     = {online}
}

@online{microsoft_entra_devices_2025,
  title        = {Urządzenia dołączone do usługi {Microsoft Entra}},
  author       = {{Microsoft Learn}},
  organization = {Microsoft},
  date         = {2025-03-13},
  url          = {https://learn.microsoft.com/pl-pl/entra/identity/devices/concept-azure-ad-join},
  urldate      = {2025-04-21},
  note         = {Ostatnia aktualizacja: 13.03.2025},
  keywords     = {online}
}
